@misc{ineNumeroAgrupaciones,
  title = {{Anuario Estadístico de España 2020}},
  author = "INE",
  howpublished = {\url{https://www.ine.es/prodyser/pubweb/anuario20/anu20_04cultu.pdf}},
  note = "[Online; Recuperado: 2021-09-27]"
}

